@article{HartmannEtAl2010,
 author = {B.~Hartmann and D.~MacDougall and J.~Brandt and S.R.~Klemmer},
 title = {What Would Other Programmers Do: Suggesting Solutions to Error Messages},
 booktitle = {Proceedings of the SIGCHI Conference on Human Factors in Computing Systems},
 series = {CHI 10},
 year = {2010},
 isbn = {978-1-60558-929-9},
 location = {Atlanta, Georgia, USA},
 pages = {1019--1028},
 numpages = {10},
 url = {http://doi.acm.org/10.1145/1753326.1753478},
 doi = {10.1145/1753326.1753478},
 acmid = {1753478},
 publisher = {ACM},
 address = {New York, NY, USA},
 keywords = {debugging, recommender systems},
} 

@article{LaTozaEtAl2019,
author={T.~LaToza and A.~Nother},
journal={insert journal name},
title={Editable AI: Mixed Human-AI Authoring of Code Patterns},
year={2019},
}

@article{MehrpurEtAl2019,
author={S.~Mehrpur and A.~Nother},
journal={insert journal name},
title={Active Documentation: Helping Developers Follow Design Decisions},
year={2019},
}

@article{RaychevEtAl2014,
 author = {Raychev, Veselin and Vechev, Martin and Yahav, Eran},
 title = {Code Completion with Statistical Language Models},
 journal = {SIGPLAN Not.},
 issue_date = {June 2014},
 volume = {49},
 number = {6},
 month = jun,
 year = {2014},
 issn = {0362-1340},
 pages = {419--428},
 numpages = {10},
 url = {http://doi.acm.org/10.1145/2666356.2594321},
 doi = {10.1145/2666356.2594321},
 acmid = {2594321},
 publisher = {ACM},
 address = {New York, NY, USA},
} 

@article{CubranicAndMurphy2003,
author={D.~Čubranić and G.C.~Murphy},
title = {Hipikat: Recommending Pertinent Software Development Artifacts},
booktitle = {Proceedings of the 25th International Conference on Software Engineering},
series = {ICSE '03},
year = {2003},
isbn = {0-7695-1877-X},
location = {Portland, Oregon},
pages = {408--418},
numpages = {11},
url = {http://dl.acm.org/citation.cfm?id=776816.776866},
acmid = {776866},
publisher = {IEEE Computer Society},
address = {Washington, DC, USA},
} 

@article{KerstenEtAl2005,
author = {Kersten, Mik and Murphy, Gail},
year = {2005},
month = {01},
pages = {159-168},
title = {Mylar: A degree-of-interest model for IDEs},
doi = {10.1145/1052898.1052912}
}

@article{KoEtAl2007,
 author = {Ko, Andrew J. and DeLine, Robert and Venolia, Gina},
 title = {Information Needs in Collocated Software Development Teams},
 booktitle = {Proceedings of the 29th International Conference on Software Engineering},
 series = {ICSE '07},
 year = {2007},
 isbn = {0-7695-2828-7},
 pages = {344--353},
 numpages = {10},
 url = {https://doi.org/10.1109/ICSE.2007.45},
 doi = {10.1109/ICSE.2007.45},
 acmid = {1248867},
 publisher = {IEEE Computer Society},
 address = {Washington, DC, USA},
} 

@article{FritzEtAl2007,
 author = {Fritz, Thomas and Murphy, Gail C. and Hill, Emily},
 title = {Does a Programmer's Activity Indicate Knowledge of Code?},
 booktitle = {Proceedings of the the 6th Joint Meeting of the European Software Engineering Conference and the ACM SIGSOFT Symposium on The Foundations of Software Engineering},
 series = {ESEC-FSE '07},
 year = {2007},
 isbn = {978-1-59593-811-4},
 location = {Dubrovnik, Croatia},
 pages = {341--350},
 numpages = {10},
 url = {http://doi.acm.org/10.1145/1287624.1287673},
 doi = {10.1145/1287624.1287673},
 acmid = {1287673},
 publisher = {ACM},
 address = {New York, NY, USA},
 keywords = {degree-of-interest, interaction, program structure, structural knowledge},
} 


